@article{Hassan24,
  author            = {Adeel Hassan and Colbi Edmonds},
  journaltitle      = {New York Times},
  title             = {What We Know About the Francis Scott Key Bridge Collapse in Baltimore},
  year              = {2024}
}

@article{AlJazeera24,
  author            = {{Al Jazeera}},
  journaltitle      = {Al Jazeera},
  title             = {What is the economic cost of Baltimore's Key Bridge collapse?},
  year              = {2024}
}

@article{Parry24,
  author            = {Wayne Parry},
  journaltitle      = {Associated Press},
  title             = {Named for 'Star-Spangled Banner' author, Francis Scott Key Bridge was part of Baltimore's identity},
  year              = {2024}
}

@article{MDOT24,
  author            = {MDOT},
  journaltitle      = {Maryland Department Of Transportation State Highway Administration},
  title             = {State Highway Administration Encourages Drivers to Use Real-Time Traffic Map to Plan Commute Following Key Bridge Collapse},
  year              = {2024}
}

@article{Domen24,
  author            = {John Domen},
  journaltitle      = {WTOP News},
  title             = {How have drivers adjusted to the collapse of the Key Bridge? A look at the data},
  year              = {2024}
}

@article{Porta06,
  author            = {Sergio Porta and Paolo Crucitti and Vito Latora},
  journaltitle      = {Environment and Planning B: Planning and Design},
  title             = {The network analysis of urban streets: a primal approach},
  year              = {2006},
  volume            = {22},
  pages             = {705-725}
}

@article{Ding19,
  author            = {Rui Ding and Norsidah Ujang and Hussain Bin Hamid and Mohd Shahrudin Abd Manan and Rong Li and Safwan Subhi Mousa Albadareen and Ashkan Nochian2 and Jianjun Wu4},
  journaltitle      = {Networks and Spatial Economics},
  title             = {Application of Complex Networks Theory in Urban
Traffic Network Researches},
  year              = {2019},
  pages             = {1281-1317},
  volume            = {19}
}

@article{Porta06b,
  author            = {Sergio Porta and Paolo Crucitti and Vito Latora},
  journaltitle      = {Physica A: Statistical Mechanics and its Applications},
  title             = {The network analysis of urban streets: A dual approach},
  year              = {2006},
  pages             = {853-866},
  volume            = {369},
  number            = {2}
}

@online{Esri,
  author       = {Esri},
  title        = {ArcGIS Network Analyst Extension},
  url          = {\url{https://www.esri.com/en-us/arcgis/products/arcgis-network-analyst/overview}}
}

@article{Boeing17,
  author            = {Geoff Boeing},
  journaltitle      = {Computers, Environment and Urban Systems},
  title             = {OSMnx: New Methods for Acquiring, Constructing, Analyzing, and Visualizing Complex Street Networks},
  year              = {2017},
  volume            = {65},
  pages             = {126-139}
}

@article{Erath09,
  author            = {Alexander Erath and Michael Löchl and Kay W. Axhausen},
  journaltitle      = {Networks and Spatial Economics},
  title             = {Graph-Theoretical Analysis of the Swiss Road and Railway Networks Over Time},
  year              = {2009},
  volume            = {9},
  pages             = {379-400},
}

@article{Wang11,
  author            = {Fahui Wang and Anzhelika Antipova and Sergio Porta},
  journaltitle      = {Journal of Transport Geography},
  title             = {Street centrality and land use intensity in Baton Rouge, Louisiana},
  year              = {2011},
  pages             = {285-293},
  volume            = {19},
  issue             = {2}
}

@article{Barthelemy09,
  author            = {Marc Barthelemy and Alessandro Flammini},
  journaltitle      = {Networks and Spatial Economics},
  title             = {Co-evolution of density and topology in a simple model of city formation},
  year              = {2009},
  volume            = {9},
  pages             = {401-425}
}

@inbook{Porta07,
  author         = {Sergio Porta and Vito Latora},
  booktitle      = {Urban Sustainability through Environmental Design},
  title          = {Multiple centrality assessment: mapping centrality in networks of urban spaces},
  year           = {2007},
  pages          = {101-105},
  editor         = {Kevin Thwaites and Sergio Porta and Ombretta Romice and Mark Greaves},
}

@article{Jayaweera17,
  author            = {I.M.L.N. Jayaweera and K.K.K.R. Perera and J. Munasinghe},
  journaltitle      = {IOSR Journal of Mathematics},
  title             = {Centrality Measures to Identify Traffic Congestion on Road Networks: A Case Study of Sri Lanka},
  year              = {2017},
  volume            = {13},
  issue             = {2},
  pages             = {13-19}
}

@article{Ando21,
  author            = {Hiroe Ando and Fumitaka Kurauchi},
  journaltitle      = {Sustainability},
  title             = {How Does Travel Demand Follow the Change in Infrastructure? Multiple-Year Eigenvector Centrality Analysis},
  year              = {2021},
  volume            = {13},
  number            = {23},
}

@article{Ando20,
  author            = {Hiroe Ando and Michael Bell and Fumitaka Kurauchi and K.I. Wong and Kam-Fung Cheung},
  journaltitle      = {Transportmetrica A: Transport Science},
  title             = {Connectivity evaluation of large road network by capacity-weighted eigenvector centrality analysis},
  year              = {2020}
}

@inbook{Scardoni13,
  author         = {Giovanni Scardoni and Carlo Laudanna},
  booktitle      = {Complex Networks},
  title          = {Identifying Critical Road Network Areas with Node Centralities Interference and Robustness},
  year           = {2013},
  editor         = {Ronaldo Menezes and Alexandre Evsukoff and Marta C. González},
}

@article{Xeumei10,
  author            = {Zhou Xeumei and Wu Xiaochen},
  journaltitle      = {2010 International Conference on Optoelectronics and Image Processing},
  title             = {The Study of Reliability About the Internal Network of Shanghai South Railway Station Based on the Robustness of Complex Networks},
  year              = {2010}
}

@article{Holme02,
  author            = {Petter Holme and Beom Jun Kim and Chang No Yoon and Seung Kee Han},
  journaltitle      = {Physical Review E},
  title             = {Attack vulnerability of complex networks},
  year              = {2002},
  volume            = {65}
}

@inbook{Kaub24,
  author         = {David Kaub and Christian Lohr and Anelyse Reis David and Monotosch Kumar Das Chandan and Hilal Chanekar and Tung Nguyen and Jan Ole Berndt and Ingo J. Timm},
  booktitle      = {Dynamics in Logistics},
  title          = {Shortest-Path-Based Resilience Analysis of Urban Road Networks},
  year           = {2024},
  pages          = {132-143}
}

@article{Masuccia16,
  author            = {A. Paolo Masuccia and Carlos Molinero},
  journaltitle      = {The European Physical Journal B},
  title             = {Robustness and closeness centrality for self-organized and planned cities},
  year              = {2016},
  volume            = {89},
  number            = {53}
}

@article{Julliard15,
  author            = {Ralihalizara Julliard and Professor Jun Yun and Dr. Ranaivoson Rado},
  journaltitle      = {International Journal of Advancements in Research \& Technology},
  title             = {Robustness of Transportation Networks: The Case of Madagascar's Road Network},
  year              = {2015},
  volume            = {4},
  issue             = {3}
}

@article{Sakakibara04,
  author            = {Hiroyuki Sakakibara and Yoshio Kajitani and Norio Okada},
  journaltitle      = {Journal of Transportation Engineering},
  title             = {Road Network Robustness for Avoiding Functional Isolation in Disasters},
  year              = {2004},
  volume            = {130},
  issue             = {5}
}

@article{Bolton20,
  author       = {Erin Bolton},
  title        = {2012-2016 CTPP worker flows tract to tract (to BMC area)},
  year         = {2020},
  journaltitle = {Baltimore Metropolitan Counci}
}
